@article{Childress2013Diamond,
	author = {Childress, L. and Hanson, R.},
	booktitle = {MRS Bulletin},
	issn = {0883-7694},
	journal = {MRS Bulletin},
	month = 2,
	number = 02,
	pages = {134-138},
	title = {Diamond NV centers for quantum computing and quantum networks},
	url = {http://www.journals.cambridge.org/abstract\_S0883769413000201},
	urldate = {27/01/14},
	volume = 38,
	year = 2013
}

@article{Doherty2013NitrogenVacancy,
	author = {Doherty, M.W. and Manson, N.B. and Delaney, P. and Jelezko, F. and Wrachtrup, J. and Hollenberg, L.C.L.},
	booktitle = {Physics Reports},
	issn = 03701573,
	journal = {Physics Reports},
	month = 7,
	number = 1,
	pages = {1-45},
	publisher = {Elsevier B.V.},
	title = {The nitrogen-vacancy colour centre in diamond},
	url = {http://linkinghub.elsevier.com/retrieve/pii/S0370157313000562},
	urldate = {21/10/13},
	volume = 528,
	year = 2013
}

@phdthesis{Pfaff2013Quantum,
	author = {Pfaff, W.},
	institution = {Delft University of Technology},
	school = {Delft University of Technology},
	title = {Quantum Measurement and Entanglement of Spin Quantum Bits in Diamond},
	year = 2013
}

@article{Robledo2011HighFidelity,
	author = {Robledo, L. and Childress, L. and Bernien, H. and Hensen, B. and Alkemade, P.F.A. and Hanson, R.},
	booktitle = {Nature},
	issn = {1476-4687},
	journal = {Nature},
	month = 9,
	number = 7366,
	pages = {574-8},
	publisher = {Nature Publishing Group},
	title = {High-fidelity projective read-out of a solid-state spin quantum register.},
	url = {http://www.ncbi.nlm.nih.gov/pubmed/21937989},
	urldate = {14/10/13},
	volume = 477,
	year = 2011
}

@article{Taminiau2012Detectiona,
	author = {Taminiau, T. H. and Wagenaar, J. J. T. and van der Sar, T. and Jelezko, F. and Dobrovitski, V. V. and Hanson, R.},
	booktitle = {Physical Review Letters},
	issn = {0031-9007},
	journal = {Physical Review Letters},
	month = 9,
	number = 13,
	pages = 137602,
	title = {Detection and Control of Individual Nuclear Spins Using a Weakly Coupled Electron Spin},
	url = {http://link.aps.org/doi/10.1103/PhysRevLett.109.137602},
	urldate = {14/10/13},
	volume = 109,
	year = 2012
}

@article{Jelezko2004Observation,
	author = {Jelezko, F. and Gaebel, T. and Popa, I. and Gruber, a. and Wrachtrup, J.},
	booktitle = {Physical Review Letters},
	issn = {0031-9007},
	journal = {Physical Review Letters},
	month = 2,
	number = 7,
	pages = 076401,
	title = {Observation of Coherent Oscillations in a Single Electron Spin},
	url = {http://link.aps.org/doi/10.1103/PhysRevLett.92.076401},
	urldate = {28/01/14},
	volume = 92,
	year = 2004
}

@phdthesis{Lange2012Quantum,
	author = {de Lange, G.},
	institution = {Delft University of Technology},
	school = {Delft University of Technology},
	title = {Quantum Control and Coherence of Interacting Spins in Diamond},
	year = 2012
}

@article{Taminiau2012Detection,
	author = {Taminiau, T. H. and Wagenaar, J.J.T. and van der Sar, T. and Jelezko, F. and Dobrovitski, V.V. and Hanson, R.},
	booktitle = {Physical Review Letters},
	issn = {0031-9007},
	journal = {Physical Review Letters},
	month = 9,
	number = 13,
	pages = 137602,
	title = {Detection and Control of Individual Nuclear Spins Using a Weakly Coupled Electron Spin},
	url = {http://arxiv.org/abs/1205.4128 http://link.aps.org/doi/10.1103/PhysRevLett.109.137602},
	urldate = {23/10/13},
	volume = 109,
	year = 2012
}
